@book{elmasri7,
  author    = {Ramez Elmasri and Shamkant B. Navathe},
  publisher = {Pearson},
  title     = {Fundamentals of Database Systems},
  year      = {2021},
  edition   = {7},
}
@book{silberschatz7,
  author    = {Abraham Silberschatz and Henry F. Korth and S. Sudarshan},
  publisher = {McGraw-Hill Education},
  title     = {Database Systems Concepts},
  year      = {2020},
  edition   = {7},
}

